@article{geant4,
      author         = "Agostinelli, S. and others",
      title          = "{Geant4 - a simulation toolkit}",
      journal        = "Nucl.\ Instr.\ and Meth.",
      volume         = "A508",
      pages          = "250",
      year           = "2003",
}

@article{geant4b,
      author         = "Allison, J. and others",
      title          = "{Geant4 developments and applications}",
      journal        = "IEEE Trans.\ on\ Nucl.\ Science",
      volume         = "53",
      pages          = "270",
      year           = "2006",
}
@article{cascade,
      title         = "{Heavy Flavour Cascade Production in a Beam Dump}",
      collaboration = "SHiP Collaboration",
      author         = "Dijkstra, Hans and Ruf, Thomas",
      month         = "Dec",
      year          = "2015",
      reportNumber  = "CERN-SHiP-NOTE-2015-009",
      url           = "https://cds.cern.ch/record/2115534",
}
@article{evtgen,
      author         = "Ryd, Anders and Lange, David and Kuznetsova, Natalia and
                        Versille, Sophie and Rotondo, Marcello and Kirkby, David
                        P. and Wuerthwein, Frank K. and Ishikawa, Akimasa",
      title          = "{EvtGen: A Monte Carlo Generator for B-Physics}",
      year           = "2005",
      reportNumber   = "EVTGEN-V00-11-07",
      SLACcitation   = "%%CITATION = EVTGEN-V00-11-07;%%"
}
@article{fairroot,
      author         = "Al-Turany, M. and Bertini, D. and Karabowicz, R. and
                        Kresan, D. and Malzacher, P. and Stockmanns, T. and Uhlig,
                        F.",
      title          = "{The FairRoot framework}",
      booktitle      = "{Proceedings, 19th International Conference on Computing
                        in High Energy and Nuclear Physics (CHEP 2012): New York,
                        USA, May 21-25, 2012}",
      journal        = "J. Phys. Conf. Ser.",
      volume         = "396",
      year           = "2012",
      pages          = "022001",
      doi            = "10.1088/1742-6596/396/2/022001",
      SLACcitation   = "%%CITATION = 00462,396,022001;%%"
}
@article{pythia8,
      author         = "Sjöstrand, Torbjörn and Ask, Stefan and Christiansen,
                        Jesper R. and Corke, Richard and Desai, Nishita and Ilten,
                        Philip and Mrenna, Stephen and Prestel, Stefan and
                        Rasmussen, Christine O. and Skands, Peter Z.",
      title          = "{An Introduction to PYTHIA 8.2}",
      journal        = "Comput. Phys. Commun.",
      volume         = "191",
      year           = "2015",
      pages          = "159-177",
      doi            = "10.1016/j.cpc.2015.01.024",
      eprint         = "1410.3012",
      archivePrefix  = "arXiv",
      primaryClass   = "hep-ph",
      reportNumber   = "LU-TP-14-36, MCNET-14-22, CERN-PH-TH-2014-190,
                        FERMILAB-PUB-14-316-CD, DESY-14-178, SLAC-PUB-16122",
      SLACcitation   = "%%CITATION = ARXIV:1410.3012;%%"
}
