%% This BibTeX bibliography file was created using BibDesk.
%% http://bibdesk.sourceforge.net/

%% Created for Artem Filatov at 2017-07-26 11:36:50 +0300 


%% Saved with string encoding Unicode (UTF-8) 



@phdthesis{H15,
	Author = {Behzad Hosseini},
	Date-Added = {2017-07-26 08:35:01 +0000},
	Date-Modified = {2017-07-26 08:36:50 +0000},
	School = {Universit{\`a} degli Studi di Napoli Federico II},
	Title = {Search for tau neutrinos in the tau -> electron decay channel in the OPERA experiment},
	Year = {2015}}

@conference{J13,
	Author = {Simon Lacoste-Julien and Martin Jaggi and Mark Schmidt and Patric Pletscher},
	Booktitle = {Proceedings of the 30th International Conference on Machine Learning},
	Date-Added = {2017-07-26 08:05:42 +0000},
	Date-Modified = {2017-07-26 08:10:43 +0000},
	Title = {Block-coordinate Frank-Wolfe optimization for structural SVMs},
	Year = {2013}}

@book{M12,
	Author = {Kevin P. Murphy},
	Date-Added = {2017-07-25 15:12:59 +0000},
	Date-Modified = {2017-07-25 15:15:02 +0000},
	Publisher = {The MIT Press},
	Title = {Machine Learning a Probabolisitc Perspective},
	Year = {2012}}

@article{M14,
	Author = {Andreas C. M{\"u}ller and Sven Behnke},
	Date-Added = {2017-07-25 15:07:03 +0000},
	Date-Modified = {2017-07-25 15:10:00 +0000},
	Journal = {Journal of Machine Learning Research},
	Title = {PyStruct - learning structured prediction in Python},
	Year = {2014}}
